@article{amgProf,
	Title = {AMG PRECONDITIONERS FOR LINEAR SOLVERS TOWARDS EXTREME SCALE},
	Author = {PASQUA D’AMBRA, FABIO DURASTANTE, AND SALVATORE FILIPPONE},
	Year = {2020}}
@article{spMVfanf,
	Title = {Sparse Matrix-Vector Multiplication on GPGPUs},
	Author = {SALVATORE FILIPPONE,VALERIA CARDELLINI,DAVIDE BARBIERI,ALESSANDRO FANFARILLO},
	Year = {2017}}
@article{pdeSparsfd1,
	Title = {Finite Difference Methods for Ordinary and Partial Differential Equations},
	Author = {R. J. LeVeque},
	Year = {2007}}
@article{pdeSparsfd2,
	Title = {Numerical Approximation of Partial Differential Equations},
	Author = {A. Quarteroni and A. Valli},
	Year = {1994}}
@article{pdeSparsfd3,
	Title = {Numerical Heat Transfer and Fluid Flow},
	Author = {S. V. Patankar},
	Year = {1980}}



@article{AMG4PSBLAS,
	Title = {AMG4PSBLAS},
	Author = {Salvatore Filippone},
	Year = {2019}}
@article{AMG4PSBLASman,
	Title = {AMG4PSBLAS User’s and Reference Guide A guide for the Algebraic MultiGrid Preconditioners Package based on PSBLAS},
	Author = {Salvatore Filippone,Pasqua D’Ambra,Fabio Durastante},
	Year = {2021}}
@article{DDF2021,
	author = {D'Ambra Pasqua, Durastante Fabio, Filippone Salvatore},
	title = {{{AMG Preconditioners for Linear Solvers towards Extreme Scale}},
	journal = {arXiv e-preprints},
	eprint = {2006.16147v3},
	archivePrefix = {arXiv},
	year={2021}}}
@Misc{psctoolkit-web-page,
	author = {D'Ambra, Pasqua and Durastante, Fabio and Filippone, Salvatore},
	title = {{PSCToolkit} {W}eb page},
	url =
	 {https://psctoolkit.github.io/},
	howpublished = {\url{https://psctoolkit.github.io/}},
	year = {2021}}

@article{PSBLAS3man,
	Title = {PSBLAS: a library for parallel linear algebra computation on sparse matrices},
	Author = {Salvatore Filippone,Buttari},
	Year = {2019}}
@article{PSBLAS3Git,
	Title = {PSBLAS3GIT},
	Author = {Salvatore Filippone},
	Year = {2019}}
@article{AMG4PSBLASGit,
	Title = {AMG4PSBLAS_Git},
	Author = {Salvatore Filippone},
	Year = {2019}}

@article{sparseLinearSolverTR,
	Title = {Efficient Linear System Solvers for Mesh Processing},
	Author = {Mario Botsch, David Bommes, and Leif Kobbelt},
}


@article{GMP,
	Title = {GNU Multiple Precision Arithmetic Library},
	Author = {}
	URL={https://gmplib.org/}}

@article{adaptiveTilingSpMM,
	Title = {Adaptive Sparse Tiling for Sparse Matrix Multiplication}
	Author = {Changwan Hong,Aravind Sukumaran-Rajam,Israt Nisa,Kunal Singh,P. Sadayappan}
	Year = {2019}}

@article{SPA_mathlab,
	Title = {SPARSE MATRICES IN MATLAB: DESIGN AND IMPLEMENTATION}
	Author = {John R. Gilbert , Cleve Moler , and Robert Schreiber},
	Year = {1991}}

@article{cohen3LayeredGraphs,
	Title = {Structure prediction and computation of sparse matrix product},
	Author = {Cohen},
	Year = {1998}}

@article{2dNewIdeas,
	Title = {New Ideas in Sparse Matrix Matrix Multiplication},
	Author = {Aydın Buluc and John Gilbert},
	Year = {2008}}
@article{sysReviewChi,
	Title = {A Systematic Survey of General Sparse Matrix-Matrix Multiplication},
	Author = {Jianhua Gao and Weixing Ji and Zhaonian Tan and Yueyan Zhao},
	Year = {2019}}

@article{intelSpMMDenseAccumulator,
	Title = {Parallel Effcient Sparse Matrix-Matrix Multiplication on Multicore Platforms},
	Author = {Md. Mostofa Ali Patwary , Nadathur Rajagopalan Satish , Narayanan Sundaram , Jongsoo Park , Michael J. Anderson , Satya Gautam Vadlamudi , Dipankar Das , Sergey G. Pudov , Vadim O. Pirogov  and Pradeep Dubey},
	Year = {2008}}

@article{denseSUMMA,
	Title = {SUMMA: scalable universal matrix multiplication algorithm},
	Author = {R. A. Van De Geijn and J. Watts},
	Year = {1997}}

@article{sparseSUMMA,
	Title = {PARALLEL SPARSE MATRIX-MATRIX MULTIPLICATION AND INDEXING: IMPLEMENTATION AND EXPERIMENTS},
	Author = {Aydin Buluc and John R. Gilbert},
	Year = {2012}}


@article{Split3DSpMM,
	Title = {EXPLOITING MULTIPLE LEVELS OF PARALLELISM IN SPARSE MATRIX-MATRIX MULTIPLICATION},
	Author = {Ariful Azad , Grey Ballard , Aydin Buluc , James Demmel , Laura Grigori , Oded Schwartz , Sivan Toledo and Samuel Williams},
	Year = {2016}}

@article{gustavson,
	Title = {two fast algorithms for sparse matrices: multiplication and permuted transposition},
	Author = {F.G. Gustavson},
	Year = {1978}}

@article{cartesianPartitioningModels,
	Title = {Cartesian Partitioning Models for 2D and 3D Parallel SpMM Algorithms},
	Author = {Gunduz Vehbi Demirci and Cevdet Aykana},
	Year = {2020}}


@article{SpMM_KNL_Multicore_symbsSols,
	Title = {High-Performance Sparse Matrix-Matrix Products on Intel KNL and Multicore Architectures},
	Author = {Yusuke Nagasaka, Satoshi Matsuoka, Ariful Azad, Aydın Buluç},
	Year = {2018}}

@article{AMGgeneralANY,
	Title = {Algebraic Multigrid Methods},
	Author = {Jinchao Xu and Ludmil Zikatanov},
	Year = {2017}}

@article{Sp3MM4AMG,
	Title = {High-Performance Algebraic Multigrid Solver Optimized for Multi-Core Based Distributed Parallel Systems},
	Author = {Jongsoo Park, Mikhail Smelyanskiy , Ulrike Meier Yang , Dheevatsa Mudigere, and Pradeep Dubey},
	Year = {2015}}


@article{ESC,
	Title = {Bandwidth Optimized Parallel Algorithms for Sparse Matrix-Matrix Multiplication using Propagation Blocking},
	Author = {Zhixiang Gu , Jose Moreira , David Edelsohn , Ariful Azad},
	Year = {2020}}


@article{CBLAS
	Title = { BLAS (Basic Linear Algebra Subprograms)},
	url = {http://www.netlib.org/blas/}}


@article{gcc10.1,
	Title = {Using the GNU Compiler Collection, For gcc version 10.1.0},
	Author = {Richard M. Stallman and the GCC Developer Community},
	Year = {2021}}
@article{cpp11.2,
	Title = {C PreProcessor Manual 11.2},
	Author = {Richard M. Stallman, Zachary Weinberg},
	Year = {2021}}
@article{isoc11,
	Title = {NCITS/ISO/IEC 9899-2011[2012] (ISO/IEC 9899-2011, IDT)},
	Author = {American National Standards Institute},
	Year = {2012}}
 
@article{intelDevMan2,
	Title = {Intel® 64 and IA-32 Architectures Software Developer’s Manual Volume 2 (2A, 2B, 2C \& 2D): Instruction Set Reference, A-Z },
	Author = {Intel Corporation},
	Year = {2019}}

@article{openmp5.1,
	Title = {OpenMP Application Programming Interface},
	Author = {OpenMP Architecture Review Board},
	Year = {2020}}

@article{modernFortranExplained,
	Title = {Modern Fortran explained incorporating ortran 2018},
	Author = {Michael Metcalf, John Reid, Malcom Cohen},
	Year = {2018}}
@article{pandasMan,
	Title = {pandas: powerful Python data analysis toolkit Release 1.4.2},
	Author = {Wes McKinney and the Pandas Development Team},
	Year = {2022}}



@article{Reference3,
	Author = {A. S. Arnold and J. S. Wilson and M. G. Boshier and J. Smith},
	Journal = {Review of Scientific Instruments},
	Month = {3},
	Number = {3},
	Numpages = {4},
	Pages = {1236--1239},
	Title = {A Simple Extended-Cavity Diode Laser},
	Volume = {69},
	Url = {http://link.aip.org/link/?RSI/69/1236/1},
	Year = {1998}}

@article{Reference2,
	Author = {Carl E. Wieman and Leo Hollberg},
	Journal = {Review of Scientific Instruments},
	Keywords = {Diode Laser},
	Month = {1},
	Number = {1},
	Numpages = {20},
	Pages = {1--20},
	Title = {Using Diode Lasers for Atomic Physics},
	Volume = {62},
	Url = {http://link.aip.org/link/?RSI/62/1/1},
	Year = {1991}}

